@inproceedings{:10.2312/egst.20141034,
  booktitle = {Eurographics 2014 - State of the Art Reports},
  editor    = {Sylvain Lefebvre and Michela Spagnuolo},
  title     = {{SPH Fluids in Computer Graphics}},
  author    = {Ihmsen, Markus and Orthmann, Jens and Solenthaler, Barbara and Kolb, Andreas and Teschner, Matthias},
  year      = {2014},
  publisher = {The Eurographics Association},
  issn      = {1017-4656},
  isbn      = {},
  doi       = {/10.2312/egst.20141034}
}


@article{10.1111:cgf.14508,
  journal   = {Computer Graphics Forum},
  title     = {{A Survey on SPH Methods in Computer Graphics}},
  author    = {Koschier, Dan and Bender, Jan and Solenthaler, Barbara and Teschner, Matthias},
  year      = {2022},
  publisher = {The Eurographics Association and John Wiley & Sons Ltd.},
  issn      = {1467-8659},
  doi       = {10.1111/cgf.14508}
}
        
@article{huang2024journey,
  title         = {Journey into SPH Simulation: A Comprehensive Framework and Showcase},
  author        = {Huang, Haofeng and Yi, Li},
  journal       = {arXiv preprint arXiv:2403.11156},
  year          = {2024},
  doi           = {10.48550/arXiv.2403.11156},
  archiveprefix = {arXiv},
  primaryclass  = {physics.flu-dyn}
}

@article{monaghan1992smoothed,
  title     = {Smoothed Particle Hydrodynamics},
  author    = {Monaghan, J. J.},
  journal   = {Annual Review of Astronomy and Astrophysics},
  volume    = {30},
  year      = {1992},
  publisher = {Annual Reviews},
  doi       = {10.1146/annurev.aa.30.090192.002551}
}

@misc{professor_presentation_2024,
  author       = {Matthias Teschner},
  title        = {Particle Fluids},
  howpublished = {Simulation in Computer Graphics, Computer Graphics Faculty of Engineering, University of Freiburg},
  url          = {https://cg.informatik.uni-freiburg.de/course_notes/sim_03_particleFluids.pdf},
  year         = {n.d.},
  note         = {Accessed: August 18, 2024}
}

@misc{studyflix_navierstokes,
  title        = {Navier-Stokes-Gleichung},
  author       = {Studyflix},
  howpublished = {\url{https://studyflix.de/ingenieurwissenschaften/navier-stokes-gleichung-1868}},
  year         = {n.d.},
  note         = {Accessed: August 18, 2024}
}

@article{Adams2007,
  author    = {Bart Adams and Mark Pauly and Richard Keiser and Leonidas J. Guibas},
  title     = {Adaptively Sampled Particle Fluids},
  journal   = {ACM Transactions on Graphics (TOG)},
  volume    = {26},
  number    = {3},
  pages     = {48},
  year      = {2007},
  publisher = {Association for Computing Machinery},
  doi       = {10.1145/1276377.1276437},
}
